@misc{book,
 title={Зорич А. В. Математический анализ - Часть I - Москва 2019}
}

